<record><leader>00000cas a2200000 a 4500</leader><controlfield tag="001">38253519</controlfield><controlfield tag="008">980123u1uuuuuuumiuuu n       0    0eng c</controlfield><datafield ind1=" " ind2=" " tag="010"><subfield code="a">sn 97070594 </subfield></datafield><datafield ind1=" " ind2=" " tag="040"><subfield code="a">MHN</subfield><subfield code="b">eng</subfield><subfield code="c">MHN</subfield><subfield code="d">OCL</subfield><subfield code="d">OCLCQ</subfield><subfield code="d">OCLCO</subfield></datafield><datafield ind1="1" ind2=" " tag="029"><subfield code="a">AU@</subfield><subfield code="b">000013708343</subfield></datafield><datafield ind1=" " ind2=" " tag="042"><subfield code="a">pcc</subfield></datafield><datafield ind1=" " ind2=" " tag="043"><subfield code="a">n-us-mi</subfield></datafield><datafield ind1="0" ind2="0" tag="245"><subfield code="a">Northern Michigan graphic resorter.</subfield></datafield><datafield ind1="3" ind2="0" tag="246"><subfield code="a">Graphic resorter</subfield></datafield><datafield ind1="1" ind2="3" tag="246"><subfield code="a">Petoskey news-review and Northern Michigan graphic resorter</subfield></datafield><datafield ind1=" " ind2=" " tag="260"><subfield code="a">Petoskey, Mich. :</subfield><subfield code="b">Northern Michigan Review</subfield></datafield><datafield ind1=" " ind2=" " tag="300"><subfield code="a">v.</subfield></datafield><datafield ind1=" " ind2=" " tag="500"><subfield code="a">Issue called: Our 100th year Conway centennial, Aug. 10, 1974.</subfield></datafield><datafield ind1=" " ind2=" " tag="580"><subfield code="a">Issued with: Petoskey news-review, &lt;July 6, 1964&gt;-</subfield></datafield><datafield ind1=" " ind2=" " tag="588"><subfield code="a">Description based on: July 6, 1964.</subfield></datafield><datafield ind1=" " ind2="0" tag="651"><subfield code="a">Petoskey (Mich.)</subfield><subfield code="v">Newspapers.</subfield></datafield><datafield ind1=" " ind2="0" tag="651"><subfield code="a">Conway (Mich.)</subfield><subfield code="v">Newspapers.</subfield></datafield><datafield ind1=" " ind2="0" tag="651"><subfield code="a">Emmet County (Mich.)</subfield><subfield code="v">Newspapers.</subfield></datafield><datafield ind1=" " ind2=" " tag="752"><subfield code="a">United States</subfield><subfield code="b">Michigan</subfield><subfield code="c">Emmet</subfield><subfield code="d">Petoskey.</subfield></datafield><datafield ind1="1" ind2=" " tag="777"><subfield code="t">Petoskey news-review</subfield><subfield code="w">(DLC)sn 96077419</subfield><subfield code="w">(OCoLC)36138949</subfield></datafield></record>